<?xml version="1.0" encoding="UTF-8"?><collection xmlns="http://www.loc.gov/MARC21/slim"><record><leader>00433nam--2200157-i-4500</leader><controlfield tag="001">000009914</controlfield><controlfield tag="002">20161230</controlfield><controlfield tag="005">20170302173113</controlfield><controlfield tag="008">060222s1000------------r-----000-0-eng-d</controlfield><datafield ind1=" " ind2=" " tag="100"><subfield code="a">Brown, D</subfield></datafield><datafield ind1=" " ind2=" " tag="245"><subfield code="a">Halides or the lanthanides and actinides</subfield></datafield><datafield ind1=" " ind2=" " tag="260"><subfield code="a">London</subfield><subfield code="b">A Wilely-Interscience Publ</subfield><subfield code="c">1968</subfield></datafield><datafield ind1=" " ind2=" " tag="300"><subfield code="a">X + 280 p</subfield></datafield><datafield ind1=" " ind2=" " tag="490"><subfield code="a">Halides Of The Transition Elements</subfield></datafield><datafield ind1=" " ind2=" " tag="852"><subfield code="a">549.4:546.654</subfield></datafield><datafield ind1=" " ind2=" " tag="CAT"><subfield code="a">SYS</subfield><subfield code="c">20170302</subfield><subfield code="h">173113</subfield></datafield></record></collection>